<?xml version="1.0" encoding="UTF-8"?><collection xmlns="http://www.loc.gov/MARC21/slim"><record><leader>00575nam--2200181-i-4500</leader><controlfield tag="001">000018719</controlfield><controlfield tag="002">20161230</controlfield><controlfield tag="005">20161230201032</controlfield><controlfield tag="008">060222s1000------------r-----000-0-eng-d</controlfield><datafield ind1=" " ind2=" " tag="040"><subfield code="a">IFIN-HH</subfield></datafield><datafield ind1=" " ind2=" " tag="080"><subfield code="a">539.172</subfield></datafield><datafield ind1="1" ind2=" " tag="100"><subfield code="a">Matsuda, K</subfield></datafield><datafield ind1="1" ind2="0" tag="245"><subfield code="a">Proceedings of the symposium on direct reactions with 3he</subfield><subfield code="b">Ipcr cyclotron progress report supplement 1</subfield><subfield code="c">K. matsuda, h. kamitsubo (eds.)</subfield></datafield><datafield ind1=" " ind2=" " tag="260"><subfield code="a">Tokyo</subfield><subfield code="b">The Institute Of Physicsl And Chemical Research</subfield><subfield code="c">1968</subfield></datafield><datafield ind1=" " ind2=" " tag="300"><subfield code="a">270P</subfield></datafield><datafield ind1="1" ind2=" " tag="700"><subfield code="a">Kamitsubo, H</subfield><subfield code="e">Ed</subfield></datafield><datafield ind1=" " ind2=" " tag="852"><subfield code="a">28457</subfield><subfield code="c">539.17</subfield></datafield><datafield ind1=" " ind2=" " tag="CAT"><subfield code="a">Sys</subfield><subfield code="c">20120601</subfield><subfield code="h">122638</subfield></datafield></record></collection>